<?xml version="1.0" encoding="UTF-8"?>
<marc:record xmlns:marc="http://www.loc.gov/MARC21/slim">
   <marc:leader>01117cam a22003373i 4500</marc:leader>
   <marc:controlfield tag="001">693000</marc:controlfield>
   <marc:controlfield tag="005">20221007180115.0</marc:controlfield>
   <marc:controlfield tag="008">950310s1932    xx            000 0 ger d</marc:controlfield>
   <marc:datafield tag="035" ind1=" " ind2=" ">
      <marc:subfield code="a">(OCoLC)on1289098633</marc:subfield>
   </marc:datafield>
   <marc:datafield tag="035" ind1=" " ind2=" ">
      <marc:subfield code="a">693000</marc:subfield>
   </marc:datafield>
   <marc:datafield tag="040" ind1=" " ind2=" ">
      <marc:subfield code="a">AGL</marc:subfield>
      <marc:subfield code="b">eng</marc:subfield>
      <marc:subfield code="c">AGL</marc:subfield>
      <marc:subfield code="d">AGL</marc:subfield>
   </marc:datafield>
   <marc:datafield tag="016" ind1="7" ind2=" ">
      <marc:subfield code="a">CAT10971651</marc:subfield>
      <marc:subfield code="2">DNAL</marc:subfield>
   </marc:datafield>
   <marc:datafield tag="070" ind1="0" ind2=" ">
      <marc:subfield code="a">281.175</marc:subfield>
      <marc:subfield code="b">N39</marc:subfield>
   </marc:datafield>
   <marc:datafield tag="072" ind1=" " ind2="0">
      <marc:subfield code="a">E100</marc:subfield>
   </marc:datafield>
   <marc:datafield tag="049" ind1=" " ind2=" ">
      <marc:subfield code="a">AGLL</marc:subfield>
   </marc:datafield>
   <marc:datafield tag="100" ind1="1" ind2=" ">
      <marc:subfield code="a">Neuhaus, Rudolf,</marc:subfield>
      <marc:subfield code="d">1903-</marc:subfield>
   </marc:datafield>
   <marc:datafield tag="242" ind1="1" ind2="0">
      <marc:subfield code="a">Development tendencies of mountain agriculture /</marc:subfield>
      <marc:subfield code="c">Rudolf Neuhaus.</marc:subfield>
      <marc:subfield code="y">eng</marc:subfield>
   </marc:datafield>
   <marc:datafield tag="245" ind1="1" ind2="0">
      <marc:subfield code="a">Entwicklungstendenzen der bergischen Landwirtschaft /</marc:subfield>
      <marc:subfield code="c">Rudolf Neuhaus.</marc:subfield>
   </marc:datafield>
   <marc:datafield tag="260" ind1=" " ind2=" ">
      <marc:subfield code="a">Düsseldorf :</marc:subfield>
      <marc:subfield code="b">Nolte,</marc:subfield>
      <marc:subfield code="c">1932.</marc:subfield>
   </marc:datafield>
   <marc:datafield tag="300" ind1=" " ind2=" ">
      <marc:subfield code="a">89 pages :</marc:subfield>
      <marc:subfield code="b">charts, diagrams ;</marc:subfield>
      <marc:subfield code="c">23 cm. +</marc:subfield>
      <marc:subfield code="e">2 fold</marc:subfield>
   </marc:datafield>
   <marc:datafield tag="336" ind1=" " ind2=" ">
      <marc:subfield code="a">text</marc:subfield>
      <marc:subfield code="b">txt</marc:subfield>
      <marc:subfield code="2">rdacontent</marc:subfield>
   </marc:datafield>
   <marc:datafield tag="337" ind1=" " ind2=" ">
      <marc:subfield code="a">unmediated</marc:subfield>
      <marc:subfield code="b">n</marc:subfield>
      <marc:subfield code="2">rdamedia</marc:subfield>
   </marc:datafield>
   <marc:datafield tag="338" ind1=" " ind2=" ">
      <marc:subfield code="a">volume</marc:subfield>
      <marc:subfield code="b">nc</marc:subfield>
      <marc:subfield code="2">rdacarrier</marc:subfield>
   </marc:datafield>
   <marc:datafield tag="650" ind1=" " ind2="0">
      <marc:subfield code="a">Hill farming</marc:subfield>
      <marc:subfield code="z">Germany.</marc:subfield>
   </marc:datafield>
   <marc:datafield tag="650" ind1=" " ind2="0">
      <marc:subfield code="a">Agricultural ecology</marc:subfield>
      <marc:subfield code="z">Germany.</marc:subfield>
   </marc:datafield>
   <marc:datafield tag="650" ind1=" " ind2="3">
      <marc:subfield code="a">agricultural economics.</marc:subfield>
   </marc:datafield>
   <marc:datafield tag="650" ind1=" " ind2="7">
      <marc:subfield code="a">Hill farming.</marc:subfield>
      <marc:subfield code="2">fast</marc:subfield>
      <marc:subfield code="0">(OCoLC)fst00956799</marc:subfield>
   </marc:datafield>
   <marc:datafield tag="651" ind1=" " ind2="7">
      <marc:subfield code="a">Germany.</marc:subfield>
      <marc:subfield code="2">fast</marc:subfield>
      <marc:subfield code="0">(OCoLC)fst01210272</marc:subfield>
   </marc:datafield>
   <marc:datafield tag="930" ind1=" " ind2=" ">
      <marc:subfield code="a">20221007</marc:subfield>
      <marc:subfield code="b">00000000</marc:subfield>
      <marc:subfield code="c">00000000</marc:subfield>
   </marc:datafield>
   <marc:datafield tag="946" ind1=" " ind2=" ">
      <marc:subfield code="a">Non-US</marc:subfield>
   </marc:datafield>
   <marc:datafield tag="959" ind1=" " ind2=" ">
      <marc:subfield code="a"/>
      <marc:subfield code="c">2022/09/28</marc:subfield>
      <marc:subfield code="e">cmartinez</marc:subfield>
      <marc:subfield code="g">upgrade</marc:subfield>
   </marc:datafield>
</marc:record>
